<record><leader>00000cas a22000007a 4500</leader><controlfield tag="001">36222873</controlfield><controlfield tag="008">970117d19441948ncuwr ne      0    0eng d</controlfield><datafield ind1=" " ind2=" " tag="010"><subfield code="a">sn 96086038 </subfield></datafield><datafield ind1=" " ind2=" " tag="040"><subfield code="a">NVJ</subfield><subfield code="b">eng</subfield><subfield code="c">NVJ</subfield><subfield code="d">OCLCQ</subfield><subfield code="d">OCLCF</subfield><subfield code="d">OCLCO</subfield></datafield><datafield ind1="1" ind2=" " tag="029"><subfield code="a">AU@</subfield><subfield code="b">000013023245</subfield></datafield><datafield ind1=" " ind2=" " tag="042"><subfield code="a">msc</subfield></datafield><datafield ind1="0" ind2="4" tag="245"><subfield code="a">The Cherry Point windsock.</subfield></datafield><datafield ind1=" " ind2=" " tag="260"><subfield code="a">Cherry Point, N.C. :</subfield><subfield code="b">Published ... by and for personnel of the Marine Corps Air Station</subfield></datafield><datafield ind1=" " ind2=" " tag="300"><subfield code="a">v.</subfield></datafield><datafield ind1=" " ind2=" " tag="310"><subfield code="a">Weekly</subfield></datafield><datafield ind1="0" ind2=" " tag="362"><subfield code="a">Vol. 1, no. 1 (Nov. 18, 1944)-v. 5, no. 34 (Sept. 3, 1948).</subfield></datafield><datafield ind1=" " ind2=" " tag="500"><subfield code="a">"Printed by the Raleigh Times, at Raleigh, N.C."</subfield></datafield><datafield ind1="1" ind2="0" tag="610"><subfield code="a">United States.</subfield><subfield code="b">Marine Corps</subfield><subfield code="v">Newspapers.</subfield></datafield><datafield ind1=" " ind2="0" tag="651"><subfield code="a">Marine Corps Air Station Cherry Point (N.C.)</subfield><subfield code="v">Newspapers.</subfield></datafield><datafield ind1=" " ind2="7" tag="655"><subfield code="a">Newspapers.</subfield><subfield code="2">fast</subfield><subfield code="0">(OCoLC)fst01423814</subfield></datafield><datafield ind1="1" ind2="7" tag="610"><subfield code="a">United States.</subfield><subfield code="b">Marine Corps.</subfield><subfield code="2">fast</subfield><subfield code="0">(OCoLC)fst00528845</subfield></datafield><datafield ind1=" " ind2="7" tag="651"><subfield code="a">North Carolina</subfield><subfield code="z">Marine Corps Air Station Cherry Point.</subfield><subfield code="2">fast</subfield><subfield code="0">(OCoLC)fst01220359</subfield></datafield><datafield ind1=" " ind2=" " tag="752"><subfield code="a">United States</subfield><subfield code="b">North Carolina</subfield><subfield code="c">Craven</subfield><subfield code="d">Havelock.</subfield></datafield><datafield ind1=" " ind2=" " tag="752"><subfield code="a">United States</subfield><subfield code="b">North Carolina</subfield><subfield code="c">Craven</subfield><subfield code="d">Cherry Point.</subfield></datafield><datafield ind1="0" ind2="0" tag="785"><subfield code="t">Windsock (Marine Corps Air Station Cherry Point (N.C.))</subfield><subfield code="w">(DLC)sn 96086039</subfield></datafield></record>